
@online{scrum,
    author = {Maria Belkina and Jennifer Schiller and Maxim Masunov},
    title = {SCRUM},
    year = {2006},
    url = {http://citeseerx.ist.psu.edu/viewdoc/summary?doi=10.1.1.412.5949},
    urldate = {2016-09-27},
    note = {[En línea]. [Consultada: 27 Septiembre 2016]}
}

@article{agil,
  title={Agile software development},
  author={Cohen, David and Lindvall, Mikael and Costa, Patricia},
  journal={DACS SOAR Report},
  volume={11},
  year={2003},
  publisher={Citeseer}
}

@online{personnel,
  author = {{Page Personnel}},
  title = {ESTUDIO DE REMUNERACIóN 2016},
  editor = {Page Group},
  year = 2016,
  url = {http://www.pagepersonnel.es/sites/pagepersonnel.es/files/er_tecnologia16.pdf},
  urldate = {2016-10-04},
  note = {[En línea]. [Consultada: 4 Octubre 2016]}
  
}


@online{FibWeb,
  author = {{Facultat d'Informàtica de Barcelona}},
  title = {FIB - Facultat d'Informtica de Barcelona},
  year = 2016,
  url = {http://www.fib.upc.edu/fib.html},
  urldate = {2016-09-27},
  note = {[En línea]. [Consultada: 27 Septiembre 2016]}
}

@online{wiki,
  author = {{Wikipedia}},
  title = {Fiesta patronal},
  year = 2016,
  url = {https://es.wikipedia.org/wiki/Fiesta_patronal},
  urldate = {2016-09-27},
  note = {[En línea]. [Consultada: 27 Septiembre 2016]}
}


@online{guiBCN,
  author = {{Ajuntament de Barcelona}},
  title = {Guia BCN: agenda d'activitats, directoris i cursos de Barcelona},
  year = 2016,
  url = {http://guia.barcelona.cat},
  urldate = {2016-09-27},
  note = {[En línea]. [Consultada: 27 Septiembre 2016]}
}

@online{tsp,
  author = {{Wolfram MathWorld}},
  title = {Traveling Salesman Problem},
  year = 2016,
  url = {http://mathworld.wolfram.com/TravelingSalesmanProblem.html},
  urldate = {2016-09-27},
  note = {[En línea]. [Consultada: 27 Septiembre 2016]}
}

@online{opendata,
  author = {{Ajuntament de Barcelona}},
  title = {Qué es Open Data},
  year = 2016,
  url = {http://opendata.bcn.cat/opendata/es/what-is-open-data},
  urldate = {2016-09-27},
  note = {[En línea]. [Consultada: 27 Septiembre 2016]}
}

@online{stakeholder,
  author = {{BusinessDictionary}},
  title = {What is a stakeholder? definition and meaning},
  year = 2016,
  url = {http://www.businessdictionary.com/definition/stakeholder.html},
  urldate = {2016-09-27},
  note = {[En línea]. [Consultada: 27 Septiembre 2016]}
}

@online{static,
  author = {{Ditrendia Digital Marketing Trends}},
  title = {Ditrendia-Informe-Mobile-en-España-y-en-el-Mundo},
  year = 2016,
  url = {http://www.ditrendia.es/wp-content/uploads/2015/07/Ditrendia-Informe-Mobile-en-Espa\%C3\%B1a-y-en-el-Mundo-2015.pdf},
  urldate = {2016-09-27},
  note = {[En línea]. [Consultada: 27 Septiembre 2016]}
}


@online{hopper,
  author = {{GraphHopper GmbH}},
  title = {GraphHopper},
  year = 2016,
  url = {https://graphhopper.com/},
  urldate = {2016-12-01},
  note = {[En línea]. [Consultada: 1 Diciembre 2016]}
}

@online{lameva,
  author = {{Ajuntament de Barcelona}},
  title = {Mercè16},
  year = 2016,
  url = {http://lameva.barcelona.cat/merce/ca/programa-per-dia},
  urldate = {2016-09-27},
  note = {[En línea]. [Consultada: 27 Septiembre 2016]}
}


@online{laboral,
  author = {{Dias laborales}},
  title = {Días laborables calculadora en España},
  year = 2016,
  url = {http://lameva.barcelona.cat/merce/ca/programa-per-dia},
  urldate = {2016-10-04},
  note = {[En línea]. [Consultada: 4 Octubre 2016]}
}

@online{movistar,
  author = {Movistar},
  title = {Fibra 50Mb sin llamadas},
  year = 2016,
  url = {https://www.movistar.es/particulares/internet/adsl-fibra-optica/fibra-30mb-sin-llamadas/},
  note = {[En línea]. [Consultada: 10 Octubre 2016]}
}

@online{material,
  author = {Google},
  title = {Material Design Guidelines},
  year = 2016,
  url = {https://material.io/guidelines/},
    note = {[En línea]. [Consultada: 13 Diciembre 2016]}
}


@online{gtfs,
  author = {Google},
  title = {General Transit Feed Specification},
  year = 2016,
  url = {https://developers.google.com/transit/?hl=es-419},
  note = {[En línea]. [Consultada: 13 Diciembre 2016]}
}

@online{benchmark,
  author = {{KU Leuven}},
  title = {THE ORIENTEERING PROBLEM: TEST INSTANCES},
  year = 2016,
  url = {http://www.mech.kuleuven.be/en/cib/op},
  note = {[En línea]. [Consultada: 13 Diciembre 2016]}
}


@online{tmb_horario,
  author = {TMB},
  title = {Horario Metro Bus Barcelona},
  year = 2016,
  url = {https://www.tmb.cat/es/barcelona/horario-metro-bus},
  note = {[En línea]. [Consultada: 13 Diciembre 2016]}
}


@online{android_quality,
  author = {Google},
  title = {Calidad de la app principal},
  year = 2017,
  url = {https://developer.android.com/distribute/essentials/quality/core.html},
  note = {[En línea]. [Consultada: 20 Enero 2017]}
}

@online{beego,
  author = {AstaXie},
  title = {Beego Introduction},
  year = 2017,
  url = {https://beego.me/docs/intro/},
  note = {[En línea]. [Consultada: 28 Febrero 2017]}
}


%  https://www.fing.edu.uy/inco/pedeciba/bibliote/reptec/TR0408.pdf

@inproceedings{cigo,
  title={CIGO! Mobility management platform for growing efficient and balanced smart city ecosystem},
  author={Mrazovic, Petar and De La Rubia, Ivan and Urmeneta, Jordi and Balufo, Carlos and Tapias, Ricard and Matskin, Mihhail and Larriba-Pey, Josep L},
  booktitle={Smart Cities Conference (ISC2), 2016 IEEE International},
  pages={1--4},
  year={2016},
  organization={IEEE}
}

@article{ttdp,
  title={A survey on algorithmic approaches for solving tourist trip design problems},
  author={Gavalas, Damianos and Konstantopoulos, Charalampos and Mastakas, Konstantinos and Pantziou, Grammati},
  journal={Journal of Heuristics},
  volume={20},
  number={3},
  pages={291--328},
  year={2014},
  publisher={Springer}
}

@article{op1,
  title={The orienteering problem: A survey},
  author={Vansteenwegen, Pieter and Souffriau, Wouter and Van Oudheusden, Dirk},
  journal={European Journal of Operational Research},
  volume={209},
  number={1},
  pages={1--10},
  year={2011},
  publisher={Elsevier}
}

@article{mupoptw,
  title={Heuristics for the multi-period orienteering problem with multiple time windows},
  author={Tricoire, Fabien and Romauch, Martin and Doerner, Karl F and Hartl, Richard F},
  journal={Computers \& Operations Research},
  volume={37},
  number={2},
  pages={351--367},
  year={2010},
  publisher={Elsevier}
}

@article{ils,
  title={Iterated local search for the team orienteering problem with time windows},
  author={Vansteenwegen, Pieter and Souffriau, Wouter and Berghe, Greet Vanden and Van Oudheusden, Dirk},
  journal={Computers \& Operations Research},
  volume={36},
  number={12},
  pages={3281--3290},
  year={2009},
  publisher={Elsevier}
}

@article{rs1,
  title={Intelligent tourism recommender systems: A survey},
  author={Borras, Joan and Moreno, Antonio and Valls, Aida},
  journal={Expert Systems with Applications},
  volume={41},
  number={16},
  pages={7370--7389},
  year={2014},
  publisher={Elsevier}
}

@article{grasp,
  title={A path relinking approach for the team orienteering problem},
  author={Souffriau, Wouter and Vansteenwegen, Pieter and Berghe, Greet Vanden and Van Oudheusden, Dirk},
  journal={Computers \& operations research},
  volume={37},
  number={11},
  pages={1853--1859},
  year={2010},
  publisher={Elsevier}
}

@article{rs2,
  title={Mobile recommender systems in tourism},
  author={Gavalas, Damianos and Konstantopoulos, Charalampos and Mastakas, Konstantinos and Pantziou, Grammati},
  journal={Journal of Network and Computer Applications},
  volume={39},
  pages={319--333},
  year={2014},
  publisher={Elsevier}
}

@article{mctopmtw,
  title={The multiconstraint team orienteering problem with multiple time windows},
  author={Souffriau, Wouter and Vansteenwegen, Pieter and Vanden Berghe, Greet and Van Oudheusden, Dirk},
  journal={Transportation Science},
  volume={47},
  number={1},
  pages={53--63},
  year={2013},
  publisher={INFORMS}
}


@inproceedings{ttdp2,
  title={Tourist trip planning functionalities: State--of--the--art and future},
  author={Souffriau, Wouter and Vansteenwegen, Pieter},
  booktitle={International Conference on Web Engineering},
  pages={474--485},
  year={2010},
  organization={Springer}
}

@article{op2,
  title={Orienteering Problem: A survey of recent variants, solution approaches and applications},
  author={Gunawan, Aldy and Lau, Hoong Chuin and Vansteenwegen, Pieter},
  journal={European Journal of Operational Research},
  year={2016},
  publisher={Elsevier}
}


@article{pets,
  title={Integrating public transportation in personalised electronic tourist guides},
  author={Garcia, Ander and Vansteenwegen, Pieter and Arbelaitz, Olatz and Souffriau, Wouter and Linaza, Maria Teresa},
  journal={Computers \& Operations Research},
  volume={40},
  number={3},
  pages={758--774},
  year={2013},
  publisher={Elsevier}
}


@article{mtoptw,
  title={Efficient Metaheuristics for the Mixed Team Orienteering Problem with Time Windows},
  author={Gavalas, Damianos and Konstantopoulos, Charalampos and Mastakas, Konstantinos and Pantziou, Grammati and Vathis, Nikolaos},
  journal={Algorithms},
  volume={9},
  number={1},
  pages={6},
  year={2016},
  publisher={Multidisciplinary Digital Publishing Institute}
}

@article{op,
  title={Heuristic methods applied to orienteering},
  author={Tsiligirides, Theodore},
  journal={Journal of the Operational Research Society},
  volume={35},
  number={9},
  pages={797--809},
  year={1984},
  publisher={Springer}
}


@article{atena,
  title={Scenic route planning for tourists},
  author={Gavalas, Damianos and Kasapakis, Vlasios and Konstantopoulos, Charalampos and Pantziou, Grammati and Vathis, Nikolaos},
  journal={Personal and Ubiquitous Computing},
  pages={1--19},
  year={2016},
  publisher={Springer}
}

@article{ctp,
  title={The city trip planner: an expert system for tourists},
  author={Vansteenwegen, Pieter and Souffriau, Wouter and Berghe, Greet Vanden and Van Oudheusden, Dirk},
  journal={Expert Systems with Applications},
  volume={38},
  number={6},
  pages={6540--6546},
  year={2011},
  publisher={Elsevier}
}

@article{solomon,
  title={Algorithms for the vehicle routing and scheduling problems with time window constraints},
  author={Solomon, Marius M},
  journal={Operations research},
  volume={35},
  number={2},
  pages={254--265},
  year={1987},
  publisher={Informs}
}

@article{ilsr,
  title={Iterated local search heuristic for the team orienteering problem with time windows},
  author={Ferment, Mechteld and Logistics, Major Quantitative},
  year={2015}
}

@inproceedings{tf-idf,
  title={Using tf-idf to determine word relevance in document queries},
  author={Ramos, Juan and others},
  booktitle={Proceedings of the first instructional conference on machine learning},
  year={2003}
}